@article{lowe2017multi,
  title={Multi-Agent Actor-Critic for Mixed Cooperative-Competitive Environments},
  author={Lowe, Ryan and Wu, Yi and Tamar, Aviv and Harb, Jean and Abbeel, Pieter and Mordatch, Igor},
  journal={arXiv preprint arXiv:1706.02275},
  year={2017}
}

@inproceedings{nachmani2016learning,
  title={Learning to decode linear codes using deep learning},
  author={Nachmani, Eliya and Be'ery, Yair and Burshtein, David},
  booktitle={Communication, Control, and Computing (Allerton), 2016 54th Annual Allerton Conference on},
  pages={341--346},
  year={2016},
  organization={IEEE}
}

@article{nachmani2017rnn,
  title={RNN Decoding of Linear Block Codes},
  author={Nachmani, Eliya and Marciano, Elad and Burshtein, David and Be'ery, Yair},
  journal={arXiv preprint arXiv:1702.07560},
  year={2017}
}

@article{abadi2016learning,
  title={Learning to protect communications with adversarial neural cryptography},
  author={Abadi, Mart{\'\i}n and Andersen, David G},
  journal={arXiv preprint arXiv:1610.06918},
  year={2016}
}

@article{salimans2017evolution,
  title={Evolution strategies as a scalable alternative to reinforcement learning},
  author={Salimans, Tim and Ho, Jonathan and Chen, Xi and Sutskever, Ilya},
  journal={arXiv preprint arXiv:1703.03864},
  year={2017}
}

@article{sumo,
  title={SUMO (Simulation of Urban Mobility)},
  author={Institute of Transportation Systems} 
}

@article{araghi2015traffic,
  title={Evolution strategies as a scalable alternative to reinforcement learning},
  author={Araghi and Khosravi and Creighton},
  journal={Expert Systems with Applications},
  year={2015}
}
